<record><leader>00000cas a2200000 a 4500</leader><controlfield tag="001">22527363</controlfield><controlfield tag="008">901017d18661868iluwr ne      0   a0eng c</controlfield><datafield ind1=" " ind2=" " tag="010"><subfield code="a">sn 90054555 </subfield></datafield><datafield ind1=" " ind2=" " tag="040"><subfield code="a">NVF</subfield><subfield code="b">eng</subfield><subfield code="c">NVF</subfield><subfield code="d">OCLCQ</subfield><subfield code="d">CVF</subfield><subfield code="d">OCLCQ</subfield><subfield code="d">NVF</subfield><subfield code="d">OCLCF</subfield><subfield code="d">OCLCO</subfield><subfield code="d">NVF</subfield></datafield><datafield ind1=" " ind2=" " tag="042"><subfield code="a">pcc</subfield></datafield><datafield ind1=" " ind2=" " tag="043"><subfield code="a">n-us-il</subfield></datafield><datafield ind1="0" ind2=" " tag="130"><subfield code="a">Marshall County Republican (Henry, Ill.)</subfield></datafield><datafield ind1="1" ind2="0" tag="245"><subfield code="a">Marshall County Republican.</subfield></datafield><datafield ind1=" " ind2=" " tag="260"><subfield code="a">Henry, Ill. :</subfield><subfield code="b">Burdick, Burt &amp; Woodward,</subfield><subfield code="c">1866-1868.</subfield></datafield><datafield ind1=" " ind2=" " tag="300"><subfield code="a">v.</subfield></datafield><datafield ind1=" " ind2=" " tag="310"><subfield code="a">Weekly</subfield></datafield><datafield ind1="0" ind2=" " tag="362"><subfield code="a">Vol. 1, no. 1 (June 28, 1866)-v. 16, no. 46 (May 14, 1868).</subfield></datafield><datafield ind1=" " ind2=" " tag="580"><subfield code="a">Formed by the union of: Henry weekly courier (Henry, Ill. : 1863) and: Marshall County telegraph.</subfield></datafield><datafield ind1=" " ind2="0" tag="651"><subfield code="a">Marshall County (Ill.)</subfield><subfield code="v">Newspapers.</subfield></datafield><datafield ind1=" " ind2="7" tag="651"><subfield code="a">Illinois</subfield><subfield code="z">Marshall County.</subfield><subfield code="2">fast</subfield><subfield code="0">(OCoLC)fst01221590</subfield></datafield><datafield ind1=" " ind2="7" tag="655"><subfield code="a">Newspapers.</subfield><subfield code="2">fast</subfield><subfield code="0">(OCoLC)fst01423814</subfield></datafield><datafield ind1=" " ind2=" " tag="752"><subfield code="a">United States</subfield><subfield code="b">Illinois</subfield><subfield code="c">Marshall</subfield><subfield code="d">Henry.</subfield></datafield><datafield ind1="1" ind2="4" tag="780"><subfield code="t">Henry weekly courier (Henry, Ill. : 1863)</subfield><subfield code="w">(DLC)sn 85038348</subfield><subfield code="w">(OCoLC)12309036</subfield></datafield><datafield ind1="1" ind2="4" tag="780"><subfield code="t">Marshall County telegraph</subfield><subfield code="w">(DLC)sn 90054659</subfield><subfield code="w">(OCoLC)22527139</subfield></datafield><datafield ind1="0" ind2="0" tag="785"><subfield code="t">Marshall County Republican and Putnam County register</subfield><subfield code="w">(DLC)sn 90054560</subfield><subfield code="w">(OCoLC)22527442</subfield></datafield><datafield ind1="1" ind2=" " tag="029"><subfield code="a">AU@</subfield><subfield code="b">000020631333</subfield></datafield></record>